<?xml version="1.0" encoding="UTF-8"?><collection xmlns="http://www.loc.gov/MARC21/slim"><record><leader>00564nam--2200121-i-4500</leader><controlfield tag="001">000027841</controlfield><controlfield tag="002">20161230</controlfield><controlfield tag="005">20161230201037</controlfield><controlfield tag="008">060222s1000------------r-----000-0-eng-d</controlfield><datafield ind1=" " ind2=" " tag="080"><subfield code="a">621.3:061.3</subfield></datafield><datafield ind1=" " ind2=" " tag="245"><subfield code="a">Ieee cinference record of 1970 thermionic conversion specialist conference. papers presented at the ninth annual conference, miami beach, florida, october 26-29, 1970. sponsored by the group on electron devices. alfred schick, conference chairman</subfield></datafield><datafield ind1=" " ind2=" " tag="260"><subfield code="a">New York, The Institute Of Electrical And Electronics Engineers, Inc., 1970. Vii+573p</subfield></datafield><datafield ind1=" " ind2=" " tag="852"><subfield code="a">34674</subfield></datafield></record></collection>